%YAML 1.1
%TAG !u! tag:unity3d.com,2011:
--- !u!1001 &5048916309415424801
PrefabInstance:
  m_ObjectHideFlags: 0
  serializedVersion: 2
  m_Modification:
    m_TransformParent: {fileID: 0}
    m_Modifications:
    - target: {fileID: 3585730191282825711, guid: 528fb1fc692c56e4c9cebc02959fa5aa,
        type: 3}
      propertyPath: m_Name
      value: Skill_ (0)
      objectReference: {fileID: 0}
    - target: {fileID: 3585730191282825710, guid: 528fb1fc692c56e4c9cebc02959fa5aa,
        type: 3}
      propertyPath: m_LocalPosition.x
      value: 0
      objectReference: {fileID: 0}
    - target: {fileID: 3585730191282825710, guid: 528fb1fc692c56e4c9cebc02959fa5aa,
        type: 3}
      propertyPath: m_LocalPosition.y
      value: 0
      objectReference: {fileID: 0}
    - target: {fileID: 3585730191282825710, guid: 528fb1fc692c56e4c9cebc02959fa5aa,
        type: 3}
      propertyPath: m_LocalPosition.z
      value: 0
      objectReference: {fileID: 0}
    - target: {fileID: 3585730191282825710, guid: 528fb1fc692c56e4c9cebc02959fa5aa,
        type: 3}
      propertyPath: m_LocalRotation.x
      value: 0
      objectReference: {fileID: 0}
    - target: {fileID: 3585730191282825710, guid: 528fb1fc692c56e4c9cebc02959fa5aa,
        type: 3}
      propertyPath: m_LocalRotation.y
      value: 0
      objectReference: {fileID: 0}
    - target: {fileID: 3585730191282825710, guid: 528fb1fc692c56e4c9cebc02959fa5aa,
        type: 3}
      propertyPath: m_LocalRotation.z
      value: 0
      objectReference: {fileID: 0}
    - target: {fileID: 3585730191282825710, guid: 528fb1fc692c56e4c9cebc02959fa5aa,
        type: 3}
      propertyPath: m_LocalRotation.w
      value: 1
      objectReference: {fileID: 0}
    - target: {fileID: 3585730191282825710, guid: 528fb1fc692c56e4c9cebc02959fa5aa,
        type: 3}
      propertyPath: m_RootOrder
      value: 0
      objectReference: {fileID: 0}
    - target: {fileID: 3585730191282825710, guid: 528fb1fc692c56e4c9cebc02959fa5aa,
        type: 3}
      propertyPath: m_LocalEulerAnglesHint.x
      value: 0
      objectReference: {fileID: 0}
    - target: {fileID: 3585730191282825710, guid: 528fb1fc692c56e4c9cebc02959fa5aa,
        type: 3}
      propertyPath: m_LocalEulerAnglesHint.y
      value: 0
      objectReference: {fileID: 0}
    - target: {fileID: 3585730191282825710, guid: 528fb1fc692c56e4c9cebc02959fa5aa,
        type: 3}
      propertyPath: m_LocalEulerAnglesHint.z
      value: 0
      objectReference: {fileID: 0}
    - target: {fileID: 3585730191282825710, guid: 528fb1fc692c56e4c9cebc02959fa5aa,
        type: 3}
      propertyPath: m_AnchoredPosition.x
      value: 0
      objectReference: {fileID: 0}
    - target: {fileID: 3585730191282825710, guid: 528fb1fc692c56e4c9cebc02959fa5aa,
        type: 3}
      propertyPath: m_AnchoredPosition.y
      value: 0
      objectReference: {fileID: 0}
    - target: {fileID: 3585730191282825710, guid: 528fb1fc692c56e4c9cebc02959fa5aa,
        type: 3}
      propertyPath: m_SizeDelta.x
      value: 0
      objectReference: {fileID: 0}
    - target: {fileID: 3585730191282825710, guid: 528fb1fc692c56e4c9cebc02959fa5aa,
        type: 3}
      propertyPath: m_SizeDelta.y
      value: 72.99
      objectReference: {fileID: 0}
    - target: {fileID: 3585730191282825710, guid: 528fb1fc692c56e4c9cebc02959fa5aa,
        type: 3}
      propertyPath: m_AnchorMin.x
      value: 0
      objectReference: {fileID: 0}
    - target: {fileID: 3585730191282825710, guid: 528fb1fc692c56e4c9cebc02959fa5aa,
        type: 3}
      propertyPath: m_AnchorMin.y
      value: 0
      objectReference: {fileID: 0}
    - target: {fileID: 3585730191282825710, guid: 528fb1fc692c56e4c9cebc02959fa5aa,
        type: 3}
      propertyPath: m_AnchorMax.x
      value: 0
      objectReference: {fileID: 0}
    - target: {fileID: 3585730191282825710, guid: 528fb1fc692c56e4c9cebc02959fa5aa,
        type: 3}
      propertyPath: m_AnchorMax.y
      value: 0
      objectReference: {fileID: 0}
    - target: {fileID: 3585730191282825710, guid: 528fb1fc692c56e4c9cebc02959fa5aa,
        type: 3}
      propertyPath: m_Pivot.x
      value: 0.5
      objectReference: {fileID: 0}
    - target: {fileID: 3585730191282825710, guid: 528fb1fc692c56e4c9cebc02959fa5aa,
        type: 3}
      propertyPath: m_Pivot.y
      value: 1
      objectReference: {fileID: 0}
    - target: {fileID: 3040281836593045176, guid: 528fb1fc692c56e4c9cebc02959fa5aa,
        type: 3}
      propertyPath: m_icon
      value: 
      objectReference: {fileID: 8634042868094301265}
    - target: {fileID: 3040281836593045176, guid: 528fb1fc692c56e4c9cebc02959fa5aa,
        type: 3}
      propertyPath: m_name
      value: 
      objectReference: {fileID: 8634042867891652592}
    - target: {fileID: 3040281836593045176, guid: 528fb1fc692c56e4c9cebc02959fa5aa,
        type: 3}
      propertyPath: m_stepWinrate
      value: 
      objectReference: {fileID: 8634042868030703417}
    - target: {fileID: 3040281836593045176, guid: 528fb1fc692c56e4c9cebc02959fa5aa,
        type: 3}
      propertyPath: m_level
      value: 
      objectReference: {fileID: 8634042868759201853}
    - target: {fileID: 3040281836593045176, guid: 528fb1fc692c56e4c9cebc02959fa5aa,
        type: 3}
      propertyPath: m_price
      value: 
      objectReference: {fileID: 8634042868012003809}
    - target: {fileID: 3040281836593045176, guid: 528fb1fc692c56e4c9cebc02959fa5aa,
        type: 3}
      propertyPath: m_allPurcgased
      value: 
      objectReference: {fileID: 8634042867142781378}
    - target: {fileID: 3040281836593045176, guid: 528fb1fc692c56e4c9cebc02959fa5aa,
        type: 3}
      propertyPath: m_buyBtns
      value: 
      objectReference: {fileID: 8626355127568814858}
    - target: {fileID: 3040281836593045176, guid: 528fb1fc692c56e4c9cebc02959fa5aa,
        type: 3}
      propertyPath: m_lockBtn
      value: 
      objectReference: {fileID: 8634042867307813139}
    - target: {fileID: 3040281836593045176, guid: 528fb1fc692c56e4c9cebc02959fa5aa,
        type: 3}
      propertyPath: m_unLockBtn
      value: 
      objectReference: {fileID: 8634042868784148136}
    - target: {fileID: 1780202119069955134, guid: 528fb1fc692c56e4c9cebc02959fa5aa,
        type: 3}
      propertyPath: m_SizeDelta.x
      value: 0
      objectReference: {fileID: 0}
    - target: {fileID: 1780202119069955134, guid: 528fb1fc692c56e4c9cebc02959fa5aa,
        type: 3}
      propertyPath: m_SizeDelta.y
      value: 0
      objectReference: {fileID: 0}
    - target: {fileID: 3585730189802382782, guid: 528fb1fc692c56e4c9cebc02959fa5aa,
        type: 3}
      propertyPath: m_Sprite
      value: 
      objectReference: {fileID: 21300000, guid: 35e94f6e169009b44a9b9803209e7947,
        type: 3}
    - target: {fileID: 3585730191005889745, guid: 528fb1fc692c56e4c9cebc02959fa5aa,
        type: 3}
      propertyPath: m_havePropertiesChanged
      value: 0
      objectReference: {fileID: 0}
    - target: {fileID: 3585730191005889745, guid: 528fb1fc692c56e4c9cebc02959fa5aa,
        type: 3}
      propertyPath: m_isInputParsingRequired
      value: 0
      objectReference: {fileID: 0}
    - target: {fileID: 3585730191005889745, guid: 528fb1fc692c56e4c9cebc02959fa5aa,
        type: 3}
      propertyPath: m_textInfo.textComponent
      value: 
      objectReference: {fileID: 8634042867891652592}
    - target: {fileID: 3585730191021327040, guid: 528fb1fc692c56e4c9cebc02959fa5aa,
        type: 3}
      propertyPath: m_havePropertiesChanged
      value: 0
      objectReference: {fileID: 0}
    - target: {fileID: 3585730191021327040, guid: 528fb1fc692c56e4c9cebc02959fa5aa,
        type: 3}
      propertyPath: m_isInputParsingRequired
      value: 0
      objectReference: {fileID: 0}
    - target: {fileID: 3585730191021327040, guid: 528fb1fc692c56e4c9cebc02959fa5aa,
        type: 3}
      propertyPath: m_textInfo.textComponent
      value: 
      objectReference: {fileID: 8634042868012003809}
    - target: {fileID: 3585730191136584728, guid: 528fb1fc692c56e4c9cebc02959fa5aa,
        type: 3}
      propertyPath: m_havePropertiesChanged
      value: 0
      objectReference: {fileID: 0}
    - target: {fileID: 3585730191136584728, guid: 528fb1fc692c56e4c9cebc02959fa5aa,
        type: 3}
      propertyPath: m_isInputParsingRequired
      value: 0
      objectReference: {fileID: 0}
    - target: {fileID: 3585730191136584728, guid: 528fb1fc692c56e4c9cebc02959fa5aa,
        type: 3}
      propertyPath: m_textInfo.textComponent
      value: 
      objectReference: {fileID: 8634042868030703417}
    - target: {fileID: 3585730191227550492, guid: 528fb1fc692c56e4c9cebc02959fa5aa,
        type: 3}
      propertyPath: m_havePropertiesChanged
      value: 0
      objectReference: {fileID: 0}
    - target: {fileID: 3585730191227550492, guid: 528fb1fc692c56e4c9cebc02959fa5aa,
        type: 3}
      propertyPath: m_isInputParsingRequired
      value: 0
      objectReference: {fileID: 0}
    - target: {fileID: 3585730191227550492, guid: 528fb1fc692c56e4c9cebc02959fa5aa,
        type: 3}
      propertyPath: m_textInfo.textComponent
      value: 
      objectReference: {fileID: 8634042868759201853}
    - target: {fileID: 3585730191021327041, guid: 528fb1fc692c56e4c9cebc02959fa5aa,
        type: 3}
      propertyPath: m_AnchorMin.y
      value: 0
      objectReference: {fileID: 0}
    - target: {fileID: 3585730191021327041, guid: 528fb1fc692c56e4c9cebc02959fa5aa,
        type: 3}
      propertyPath: m_AnchorMax.y
      value: 0
      objectReference: {fileID: 0}
    - target: {fileID: 3585730191021327041, guid: 528fb1fc692c56e4c9cebc02959fa5aa,
        type: 3}
      propertyPath: m_AnchoredPosition.x
      value: 0
      objectReference: {fileID: 0}
    - target: {fileID: 3585730191021327041, guid: 528fb1fc692c56e4c9cebc02959fa5aa,
        type: 3}
      propertyPath: m_AnchoredPosition.y
      value: 0
      objectReference: {fileID: 0}
    - target: {fileID: 3585730191021327041, guid: 528fb1fc692c56e4c9cebc02959fa5aa,
        type: 3}
      propertyPath: m_SizeDelta.x
      value: 0
      objectReference: {fileID: 0}
    - target: {fileID: 3585730191246026253, guid: 528fb1fc692c56e4c9cebc02959fa5aa,
        type: 3}
      propertyPath: m_AnchorMin.y
      value: 0
      objectReference: {fileID: 0}
    - target: {fileID: 3585730191246026253, guid: 528fb1fc692c56e4c9cebc02959fa5aa,
        type: 3}
      propertyPath: m_AnchorMax.y
      value: 0
      objectReference: {fileID: 0}
    - target: {fileID: 3585730191246026253, guid: 528fb1fc692c56e4c9cebc02959fa5aa,
        type: 3}
      propertyPath: m_AnchoredPosition.x
      value: 0
      objectReference: {fileID: 0}
    - target: {fileID: 3585730191246026253, guid: 528fb1fc692c56e4c9cebc02959fa5aa,
        type: 3}
      propertyPath: m_AnchoredPosition.y
      value: 0
      objectReference: {fileID: 0}
    - target: {fileID: 3585730191246026253, guid: 528fb1fc692c56e4c9cebc02959fa5aa,
        type: 3}
      propertyPath: m_SizeDelta.x
      value: 0
      objectReference: {fileID: 0}
    - target: {fileID: 3585730191340105755, guid: 528fb1fc692c56e4c9cebc02959fa5aa,
        type: 3}
      propertyPath: m_TargetGraphic
      value: 
      objectReference: {fileID: 8634042868766966587}
    - target: {fileID: 3585730191340105755, guid: 528fb1fc692c56e4c9cebc02959fa5aa,
        type: 3}
      propertyPath: m_OnClick.m_PersistentCalls.m_Calls.Array.data[0].m_Target
      value: 
      objectReference: {fileID: 7791256608177302937}
    m_RemovedComponents: []
  m_SourcePrefab: {fileID: 100100000, guid: 528fb1fc692c56e4c9cebc02959fa5aa, type: 3}
--- !u!114 &7791256608177302937 stripped
MonoBehaviour:
  m_CorrespondingSourceObject: {fileID: 3040281836593045176, guid: 528fb1fc692c56e4c9cebc02959fa5aa,
    type: 3}
  m_PrefabInstance: {fileID: 5048916309415424801}
  m_PrefabAsset: {fileID: 0}
  m_GameObject: {fileID: 0}
  m_Enabled: 1
  m_EditorHideFlags: 0
  m_Script: {fileID: 11500000, guid: da917e6d41ed3ac4fbe9474f5b6825b0, type: 3}
  m_Name: 
  m_EditorClassIdentifier: 
--- !u!114 &8634042868094301265 stripped
MonoBehaviour:
  m_CorrespondingSourceObject: {fileID: 3585730190667450224, guid: 528fb1fc692c56e4c9cebc02959fa5aa,
    type: 3}
  m_PrefabInstance: {fileID: 5048916309415424801}
  m_PrefabAsset: {fileID: 0}
  m_GameObject: {fileID: 0}
  m_Enabled: 1
  m_EditorHideFlags: 0
  m_Script: {fileID: -765806418, guid: f70555f144d8491a825f0804e09c671c, type: 3}
  m_Name: 
  m_EditorClassIdentifier: 
--- !u!114 &8634042867891652592 stripped
MonoBehaviour:
  m_CorrespondingSourceObject: {fileID: 3585730191005889745, guid: 528fb1fc692c56e4c9cebc02959fa5aa,
    type: 3}
  m_PrefabInstance: {fileID: 5048916309415424801}
  m_PrefabAsset: {fileID: 0}
  m_GameObject: {fileID: 0}
  m_Enabled: 1
  m_EditorHideFlags: 0
  m_Script: {fileID: 11500000, guid: f4688fdb7df04437aeb418b961361dc5, type: 3}
  m_Name: 
  m_EditorClassIdentifier: 
--- !u!114 &8634042868030703417 stripped
MonoBehaviour:
  m_CorrespondingSourceObject: {fileID: 3585730191136584728, guid: 528fb1fc692c56e4c9cebc02959fa5aa,
    type: 3}
  m_PrefabInstance: {fileID: 5048916309415424801}
  m_PrefabAsset: {fileID: 0}
  m_GameObject: {fileID: 0}
  m_Enabled: 1
  m_EditorHideFlags: 0
  m_Script: {fileID: 11500000, guid: f4688fdb7df04437aeb418b961361dc5, type: 3}
  m_Name: 
  m_EditorClassIdentifier: 
--- !u!114 &8634042868759201853 stripped
MonoBehaviour:
  m_CorrespondingSourceObject: {fileID: 3585730191227550492, guid: 528fb1fc692c56e4c9cebc02959fa5aa,
    type: 3}
  m_PrefabInstance: {fileID: 5048916309415424801}
  m_PrefabAsset: {fileID: 0}
  m_GameObject: {fileID: 0}
  m_Enabled: 1
  m_EditorHideFlags: 0
  m_Script: {fileID: 11500000, guid: f4688fdb7df04437aeb418b961361dc5, type: 3}
  m_Name: 
  m_EditorClassIdentifier: 
--- !u!1 &8626355127568814858 stripped
GameObject:
  m_CorrespondingSourceObject: {fileID: 3578007557802434603, guid: 528fb1fc692c56e4c9cebc02959fa5aa,
    type: 3}
  m_PrefabInstance: {fileID: 5048916309415424801}
  m_PrefabAsset: {fileID: 0}
--- !u!1 &8634042868784148136 stripped
GameObject:
  m_CorrespondingSourceObject: {fileID: 3585730191323717001, guid: 528fb1fc692c56e4c9cebc02959fa5aa,
    type: 3}
  m_PrefabInstance: {fileID: 5048916309415424801}
  m_PrefabAsset: {fileID: 0}
--- !u!114 &8634042868766966587 stripped
MonoBehaviour:
  m_CorrespondingSourceObject: {fileID: 3585730191340105754, guid: 528fb1fc692c56e4c9cebc02959fa5aa,
    type: 3}
  m_PrefabInstance: {fileID: 5048916309415424801}
  m_PrefabAsset: {fileID: 0}
  m_GameObject: {fileID: 0}
  m_Enabled: 1
  m_EditorHideFlags: 0
  m_Script: {fileID: -765806418, guid: f70555f144d8491a825f0804e09c671c, type: 3}
  m_Name: 
  m_EditorClassIdentifier: 
--- !u!1 &8634042867307813139 stripped
GameObject:
  m_CorrespondingSourceObject: {fileID: 3585730190380198450, guid: 528fb1fc692c56e4c9cebc02959fa5aa,
    type: 3}
  m_PrefabInstance: {fileID: 5048916309415424801}
  m_PrefabAsset: {fileID: 0}
--- !u!114 &8634042868012003809 stripped
MonoBehaviour:
  m_CorrespondingSourceObject: {fileID: 3585730191021327040, guid: 528fb1fc692c56e4c9cebc02959fa5aa,
    type: 3}
  m_PrefabInstance: {fileID: 5048916309415424801}
  m_PrefabAsset: {fileID: 0}
  m_GameObject: {fileID: 0}
  m_Enabled: 1
  m_EditorHideFlags: 0
  m_Script: {fileID: 11500000, guid: f4688fdb7df04437aeb418b961361dc5, type: 3}
  m_Name: 
  m_EditorClassIdentifier: 
--- !u!1 &8634042867142781378 stripped
GameObject:
  m_CorrespondingSourceObject: {fileID: 3585730189623794403, guid: 528fb1fc692c56e4c9cebc02959fa5aa,
    type: 3}
  m_PrefabInstance: {fileID: 5048916309415424801}
  m_PrefabAsset: {fileID: 0}
