%YAML 1.1
%TAG !u! tag:unity3d.com,2011:
--- !u!114 &8660273782684052203
MonoBehaviour:
  m_ObjectHideFlags: 0
  m_CorrespondingSourceObject: {fileID: 0}
  m_PrefabInstance: {fileID: 0}
  m_PrefabAsset: {fileID: 0}
  m_GameObject: {fileID: 6169394782528960833}
  m_Enabled: 1
  m_EditorHideFlags: 0
  m_Script: {fileID: 11500000, guid: 04139bd0790494f4b91c8cca723c7d65, type: 3}
  m_Name: 
  m_EditorClassIdentifier: 
  CurLevelTxt: {fileID: 7676610876317594824}
  PriceNextLevelTxt: {fileID: 8283157559602910449}
  AllBought: {fileID: 5749339632820654154}
  NoAllBought: {fileID: 7253189645051492693}
  NoActive: {fileID: 1087889764926138375}
  ActivateBtn: {fileID: 6169394782199502770}
  NoActivateBtn: {fileID: 5444563649923802037}
  AdvActivateBtn: {fileID: 9182363471109532875}
  _leaguesWidget: {fileID: 0}
--- !u!1001 &1087889766030514454
PrefabInstance:
  m_ObjectHideFlags: 0
  serializedVersion: 2
  m_Modification:
    m_TransformParent: {fileID: 0}
    m_Modifications:
    - target: {fileID: 6523149756028510295, guid: 2ba8bd269e1f24540a39fba3ad5d6b5f,
        type: 3}
      propertyPath: m_Name
      value: UpgradeLeague
      objectReference: {fileID: 0}
    - target: {fileID: 6523149756028510294, guid: 2ba8bd269e1f24540a39fba3ad5d6b5f,
        type: 3}
      propertyPath: m_LocalPosition.x
      value: 0
      objectReference: {fileID: 0}
    - target: {fileID: 6523149756028510294, guid: 2ba8bd269e1f24540a39fba3ad5d6b5f,
        type: 3}
      propertyPath: m_LocalPosition.y
      value: 0
      objectReference: {fileID: 0}
    - target: {fileID: 6523149756028510294, guid: 2ba8bd269e1f24540a39fba3ad5d6b5f,
        type: 3}
      propertyPath: m_LocalPosition.z
      value: 0
      objectReference: {fileID: 0}
    - target: {fileID: 6523149756028510294, guid: 2ba8bd269e1f24540a39fba3ad5d6b5f,
        type: 3}
      propertyPath: m_LocalRotation.x
      value: 0
      objectReference: {fileID: 0}
    - target: {fileID: 6523149756028510294, guid: 2ba8bd269e1f24540a39fba3ad5d6b5f,
        type: 3}
      propertyPath: m_LocalRotation.y
      value: 0
      objectReference: {fileID: 0}
    - target: {fileID: 6523149756028510294, guid: 2ba8bd269e1f24540a39fba3ad5d6b5f,
        type: 3}
      propertyPath: m_LocalRotation.z
      value: 0
      objectReference: {fileID: 0}
    - target: {fileID: 6523149756028510294, guid: 2ba8bd269e1f24540a39fba3ad5d6b5f,
        type: 3}
      propertyPath: m_LocalRotation.w
      value: 1
      objectReference: {fileID: 0}
    - target: {fileID: 6523149756028510294, guid: 2ba8bd269e1f24540a39fba3ad5d6b5f,
        type: 3}
      propertyPath: m_RootOrder
      value: 0
      objectReference: {fileID: 0}
    - target: {fileID: 6523149756028510294, guid: 2ba8bd269e1f24540a39fba3ad5d6b5f,
        type: 3}
      propertyPath: m_LocalEulerAnglesHint.x
      value: 0
      objectReference: {fileID: 0}
    - target: {fileID: 6523149756028510294, guid: 2ba8bd269e1f24540a39fba3ad5d6b5f,
        type: 3}
      propertyPath: m_LocalEulerAnglesHint.y
      value: 0
      objectReference: {fileID: 0}
    - target: {fileID: 6523149756028510294, guid: 2ba8bd269e1f24540a39fba3ad5d6b5f,
        type: 3}
      propertyPath: m_LocalEulerAnglesHint.z
      value: 0
      objectReference: {fileID: 0}
    - target: {fileID: 6523149756028510294, guid: 2ba8bd269e1f24540a39fba3ad5d6b5f,
        type: 3}
      propertyPath: m_AnchoredPosition.x
      value: 0
      objectReference: {fileID: 0}
    - target: {fileID: 6523149756028510294, guid: 2ba8bd269e1f24540a39fba3ad5d6b5f,
        type: 3}
      propertyPath: m_AnchoredPosition.y
      value: 0
      objectReference: {fileID: 0}
    - target: {fileID: 6523149756028510294, guid: 2ba8bd269e1f24540a39fba3ad5d6b5f,
        type: 3}
      propertyPath: m_SizeDelta.x
      value: 0
      objectReference: {fileID: 0}
    - target: {fileID: 6523149756028510294, guid: 2ba8bd269e1f24540a39fba3ad5d6b5f,
        type: 3}
      propertyPath: m_SizeDelta.y
      value: 0
      objectReference: {fileID: 0}
    - target: {fileID: 6523149756028510294, guid: 2ba8bd269e1f24540a39fba3ad5d6b5f,
        type: 3}
      propertyPath: m_AnchorMin.x
      value: 0
      objectReference: {fileID: 0}
    - target: {fileID: 6523149756028510294, guid: 2ba8bd269e1f24540a39fba3ad5d6b5f,
        type: 3}
      propertyPath: m_AnchorMin.y
      value: 0
      objectReference: {fileID: 0}
    - target: {fileID: 6523149756028510294, guid: 2ba8bd269e1f24540a39fba3ad5d6b5f,
        type: 3}
      propertyPath: m_AnchorMax.x
      value: 0
      objectReference: {fileID: 0}
    - target: {fileID: 6523149756028510294, guid: 2ba8bd269e1f24540a39fba3ad5d6b5f,
        type: 3}
      propertyPath: m_AnchorMax.y
      value: 0
      objectReference: {fileID: 0}
    - target: {fileID: 6523149756028510294, guid: 2ba8bd269e1f24540a39fba3ad5d6b5f,
        type: 3}
      propertyPath: m_Pivot.x
      value: 0
      objectReference: {fileID: 0}
    - target: {fileID: 6523149756028510294, guid: 2ba8bd269e1f24540a39fba3ad5d6b5f,
        type: 3}
      propertyPath: m_Pivot.y
      value: 0.5
      objectReference: {fileID: 0}
    - target: {fileID: 3935832369496645346, guid: 2ba8bd269e1f24540a39fba3ad5d6b5f,
        type: 3}
      propertyPath: m_SizeDelta.x
      value: 0
      objectReference: {fileID: 0}
    - target: {fileID: 3935832369496645346, guid: 2ba8bd269e1f24540a39fba3ad5d6b5f,
        type: 3}
      propertyPath: m_SizeDelta.y
      value: 0
      objectReference: {fileID: 0}
    - target: {fileID: 1880255863463784956, guid: 2ba8bd269e1f24540a39fba3ad5d6b5f,
        type: 3}
      propertyPath: m_AnchorMin.y
      value: 0
      objectReference: {fileID: 0}
    - target: {fileID: 1880255863463784956, guid: 2ba8bd269e1f24540a39fba3ad5d6b5f,
        type: 3}
      propertyPath: m_AnchorMax.y
      value: 0
      objectReference: {fileID: 0}
    - target: {fileID: 1880255863463784956, guid: 2ba8bd269e1f24540a39fba3ad5d6b5f,
        type: 3}
      propertyPath: m_AnchoredPosition.x
      value: 0
      objectReference: {fileID: 0}
    - target: {fileID: 1880255863463784956, guid: 2ba8bd269e1f24540a39fba3ad5d6b5f,
        type: 3}
      propertyPath: m_AnchoredPosition.y
      value: 0
      objectReference: {fileID: 0}
    - target: {fileID: 1880255863463784956, guid: 2ba8bd269e1f24540a39fba3ad5d6b5f,
        type: 3}
      propertyPath: m_SizeDelta.x
      value: 0
      objectReference: {fileID: 0}
    - target: {fileID: 6624708618328213661, guid: 2ba8bd269e1f24540a39fba3ad5d6b5f,
        type: 3}
      propertyPath: m_AnchorMin.y
      value: 0
      objectReference: {fileID: 0}
    - target: {fileID: 6624708618328213661, guid: 2ba8bd269e1f24540a39fba3ad5d6b5f,
        type: 3}
      propertyPath: m_AnchorMax.y
      value: 0
      objectReference: {fileID: 0}
    - target: {fileID: 6624708618328213661, guid: 2ba8bd269e1f24540a39fba3ad5d6b5f,
        type: 3}
      propertyPath: m_AnchoredPosition.x
      value: 0
      objectReference: {fileID: 0}
    - target: {fileID: 6624708618328213661, guid: 2ba8bd269e1f24540a39fba3ad5d6b5f,
        type: 3}
      propertyPath: m_AnchoredPosition.y
      value: 0
      objectReference: {fileID: 0}
    - target: {fileID: 6624708618328213661, guid: 2ba8bd269e1f24540a39fba3ad5d6b5f,
        type: 3}
      propertyPath: m_SizeDelta.x
      value: 0
      objectReference: {fileID: 0}
    - target: {fileID: 6384773512301985406, guid: 2ba8bd269e1f24540a39fba3ad5d6b5f,
        type: 3}
      propertyPath: m_AnchoredPosition.x
      value: -1.0000076
      objectReference: {fileID: 0}
    - target: {fileID: 7318412140103560670, guid: 2ba8bd269e1f24540a39fba3ad5d6b5f,
        type: 3}
      propertyPath: m_text
      value: 25/25
      objectReference: {fileID: 0}
    - target: {fileID: 7318412140103560670, guid: 2ba8bd269e1f24540a39fba3ad5d6b5f,
        type: 3}
      propertyPath: m_textInfo.characterCount
      value: 5
      objectReference: {fileID: 0}
    - target: {fileID: 9073444900740074983, guid: 2ba8bd269e1f24540a39fba3ad5d6b5f,
        type: 3}
      propertyPath: m_isInputParsingRequired
      value: 1
      objectReference: {fileID: 0}
    - target: {fileID: 344466972941298262, guid: 2ba8bd269e1f24540a39fba3ad5d6b5f,
        type: 3}
      propertyPath: m_AnchoredPosition.x
      value: -0.5000076
      objectReference: {fileID: 0}
    - target: {fileID: 2821085316776593495, guid: 2ba8bd269e1f24540a39fba3ad5d6b5f,
        type: 3}
      propertyPath: m_AnchoredPosition.y
      value: 2.9000015
      objectReference: {fileID: 0}
    - target: {fileID: 2821085316776593495, guid: 2ba8bd269e1f24540a39fba3ad5d6b5f,
        type: 3}
      propertyPath: m_SizeDelta.x
      value: 0
      objectReference: {fileID: 0}
    - target: {fileID: 2821085316776593495, guid: 2ba8bd269e1f24540a39fba3ad5d6b5f,
        type: 3}
      propertyPath: m_SizeDelta.y
      value: 0
      objectReference: {fileID: 0}
    - target: {fileID: 5155340372583844172, guid: 2ba8bd269e1f24540a39fba3ad5d6b5f,
        type: 3}
      propertyPath: m_text
      value: LEAGUE
      objectReference: {fileID: 0}
    - target: {fileID: 5155340372583844172, guid: 2ba8bd269e1f24540a39fba3ad5d6b5f,
        type: 3}
      propertyPath: m_firstOverflowCharacterIndex
      value: 1
      objectReference: {fileID: 0}
    - target: {fileID: 5155340372583844172, guid: 2ba8bd269e1f24540a39fba3ad5d6b5f,
        type: 3}
      propertyPath: m_textInfo.textComponent
      value: 
      objectReference: {fileID: 5229672280973316186}
    - target: {fileID: 5155340372583844172, guid: 2ba8bd269e1f24540a39fba3ad5d6b5f,
        type: 3}
      propertyPath: m_textInfo.characterCount
      value: 6
      objectReference: {fileID: 0}
    - target: {fileID: 5155340372583844172, guid: 2ba8bd269e1f24540a39fba3ad5d6b5f,
        type: 3}
      propertyPath: m_textInfo.lineCount
      value: 6
      objectReference: {fileID: 0}
    - target: {fileID: 6523149756337639074, guid: 2ba8bd269e1f24540a39fba3ad5d6b5f,
        type: 3}
      propertyPath: m_TargetGraphic
      value: 
      objectReference: {fileID: 6169394782199502775}
    - target: {fileID: 6523149756337639074, guid: 2ba8bd269e1f24540a39fba3ad5d6b5f,
        type: 3}
      propertyPath: m_OnClick.m_PersistentCalls.m_Calls.Array.data[0].m_Target
      value: 
      objectReference: {fileID: 8660273782684052203}
    - target: {fileID: 6523149756337639075, guid: 2ba8bd269e1f24540a39fba3ad5d6b5f,
        type: 3}
      propertyPath: m_AnchoredPosition.x
      value: -0.5000076
      objectReference: {fileID: 0}
    - target: {fileID: 1404857821034156826, guid: 2ba8bd269e1f24540a39fba3ad5d6b5f,
        type: 3}
      propertyPath: m_AnchorMin.y
      value: 0
      objectReference: {fileID: 0}
    - target: {fileID: 1404857821034156826, guid: 2ba8bd269e1f24540a39fba3ad5d6b5f,
        type: 3}
      propertyPath: m_AnchorMax.y
      value: 0
      objectReference: {fileID: 0}
    - target: {fileID: 1404857821034156826, guid: 2ba8bd269e1f24540a39fba3ad5d6b5f,
        type: 3}
      propertyPath: m_AnchoredPosition.x
      value: 0
      objectReference: {fileID: 0}
    - target: {fileID: 1404857821034156826, guid: 2ba8bd269e1f24540a39fba3ad5d6b5f,
        type: 3}
      propertyPath: m_AnchoredPosition.y
      value: 0
      objectReference: {fileID: 0}
    - target: {fileID: 1404857821034156826, guid: 2ba8bd269e1f24540a39fba3ad5d6b5f,
        type: 3}
      propertyPath: m_SizeDelta.x
      value: 0
      objectReference: {fileID: 0}
    - target: {fileID: 5013393006045129343, guid: 2ba8bd269e1f24540a39fba3ad5d6b5f,
        type: 3}
      propertyPath: m_Sprite
      value: 
      objectReference: {fileID: 21300000, guid: e582a702ca2da3544b03d70a2cfbfc84,
        type: 3}
    - target: {fileID: 6958008813564762704, guid: 2ba8bd269e1f24540a39fba3ad5d6b5f,
        type: 3}
      propertyPath: m_AnchorMin.y
      value: 0
      objectReference: {fileID: 0}
    - target: {fileID: 6958008813564762704, guid: 2ba8bd269e1f24540a39fba3ad5d6b5f,
        type: 3}
      propertyPath: m_AnchorMax.y
      value: 0
      objectReference: {fileID: 0}
    - target: {fileID: 6958008813564762704, guid: 2ba8bd269e1f24540a39fba3ad5d6b5f,
        type: 3}
      propertyPath: m_AnchoredPosition.x
      value: 0
      objectReference: {fileID: 0}
    - target: {fileID: 6958008813564762704, guid: 2ba8bd269e1f24540a39fba3ad5d6b5f,
        type: 3}
      propertyPath: m_AnchoredPosition.y
      value: 0
      objectReference: {fileID: 0}
    - target: {fileID: 6958008813564762704, guid: 2ba8bd269e1f24540a39fba3ad5d6b5f,
        type: 3}
      propertyPath: m_SizeDelta.x
      value: 0
      objectReference: {fileID: 0}
    - target: {fileID: 8807947101381356692, guid: 2ba8bd269e1f24540a39fba3ad5d6b5f,
        type: 3}
      propertyPath: m_OnClick.m_PersistentCalls.m_Calls.Array.data[0].m_Target
      value: 
      objectReference: {fileID: 8660273782684052203}
    - target: {fileID: 8807947101381356692, guid: 2ba8bd269e1f24540a39fba3ad5d6b5f,
        type: 3}
      propertyPath: m_OnClick.m_PersistentCalls.m_Calls.Array.data[0].m_MethodName
      value: OnAdvBtn
      objectReference: {fileID: 0}
    m_RemovedComponents:
    - {fileID: 5250908855066848662, guid: 2ba8bd269e1f24540a39fba3ad5d6b5f, type: 3}
  m_SourcePrefab: {fileID: 100100000, guid: 2ba8bd269e1f24540a39fba3ad5d6b5f, type: 3}
--- !u!1 &6169394782528960833 stripped
GameObject:
  m_CorrespondingSourceObject: {fileID: 6523149756028510295, guid: 2ba8bd269e1f24540a39fba3ad5d6b5f,
    type: 3}
  m_PrefabInstance: {fileID: 1087889766030514454}
  m_PrefabAsset: {fileID: 0}
--- !u!114 &5229672280973316186 stripped
MonoBehaviour:
  m_CorrespondingSourceObject: {fileID: 5155340372583844172, guid: 2ba8bd269e1f24540a39fba3ad5d6b5f,
    type: 3}
  m_PrefabInstance: {fileID: 1087889766030514454}
  m_PrefabAsset: {fileID: 0}
  m_GameObject: {fileID: 0}
  m_Enabled: 1
  m_EditorHideFlags: 0
  m_Script: {fileID: 11500000, guid: f4688fdb7df04437aeb418b961361dc5, type: 3}
  m_Name: 
  m_EditorClassIdentifier: 
--- !u!114 &7676610876317594824 stripped
MonoBehaviour:
  m_CorrespondingSourceObject: {fileID: 7318412140103560670, guid: 2ba8bd269e1f24540a39fba3ad5d6b5f,
    type: 3}
  m_PrefabInstance: {fileID: 1087889766030514454}
  m_PrefabAsset: {fileID: 0}
  m_GameObject: {fileID: 0}
  m_Enabled: 1
  m_EditorHideFlags: 0
  m_Script: {fileID: 11500000, guid: f4688fdb7df04437aeb418b961361dc5, type: 3}
  m_Name: 
  m_EditorClassIdentifier: 
--- !u!1 &7253189645051492693 stripped
GameObject:
  m_CorrespondingSourceObject: {fileID: 7759830216349704259, guid: 2ba8bd269e1f24540a39fba3ad5d6b5f,
    type: 3}
  m_PrefabInstance: {fileID: 1087889766030514454}
  m_PrefabAsset: {fileID: 0}
--- !u!1 &6169394782199502770 stripped
GameObject:
  m_CorrespondingSourceObject: {fileID: 6523149756337639076, guid: 2ba8bd269e1f24540a39fba3ad5d6b5f,
    type: 3}
  m_PrefabInstance: {fileID: 1087889766030514454}
  m_PrefabAsset: {fileID: 0}
--- !u!114 &6169394782199502775 stripped
MonoBehaviour:
  m_CorrespondingSourceObject: {fileID: 6523149756337639073, guid: 2ba8bd269e1f24540a39fba3ad5d6b5f,
    type: 3}
  m_PrefabInstance: {fileID: 1087889766030514454}
  m_PrefabAsset: {fileID: 0}
  m_GameObject: {fileID: 6169394782199502770}
  m_Enabled: 1
  m_EditorHideFlags: 0
  m_Script: {fileID: -765806418, guid: f70555f144d8491a825f0804e09c671c, type: 3}
  m_Name: 
  m_EditorClassIdentifier: 
--- !u!1 &5444563649923802037 stripped
GameObject:
  m_CorrespondingSourceObject: {fileID: 4942151047654046371, guid: 2ba8bd269e1f24540a39fba3ad5d6b5f,
    type: 3}
  m_PrefabInstance: {fileID: 1087889766030514454}
  m_PrefabAsset: {fileID: 0}
--- !u!114 &8283157559602910449 stripped
MonoBehaviour:
  m_CorrespondingSourceObject: {fileID: 9073444900740074983, guid: 2ba8bd269e1f24540a39fba3ad5d6b5f,
    type: 3}
  m_PrefabInstance: {fileID: 1087889766030514454}
  m_PrefabAsset: {fileID: 0}
  m_GameObject: {fileID: 0}
  m_Enabled: 1
  m_EditorHideFlags: 0
  m_Script: {fileID: 11500000, guid: f4688fdb7df04437aeb418b961361dc5, type: 3}
  m_Name: 
  m_EditorClassIdentifier: 
--- !u!1 &9182363471109532875 stripped
GameObject:
  m_CorrespondingSourceObject: {fileID: 8103870288250910173, guid: 2ba8bd269e1f24540a39fba3ad5d6b5f,
    type: 3}
  m_PrefabInstance: {fileID: 1087889766030514454}
  m_PrefabAsset: {fileID: 0}
--- !u!1 &5749339632820654154 stripped
GameObject:
  m_CorrespondingSourceObject: {fileID: 4670571554303740252, guid: 2ba8bd269e1f24540a39fba3ad5d6b5f,
    type: 3}
  m_PrefabInstance: {fileID: 1087889766030514454}
  m_PrefabAsset: {fileID: 0}
--- !u!1 &1087889764926138375 stripped
GameObject:
  m_CorrespondingSourceObject: {fileID: 1111273745, guid: 2ba8bd269e1f24540a39fba3ad5d6b5f,
    type: 3}
  m_PrefabInstance: {fileID: 1087889766030514454}
  m_PrefabAsset: {fileID: 0}
